<record><leader>00000cas a22000007a 4500</leader><controlfield tag="001">10206394</controlfield><controlfield tag="008">831209d18681907njuwr ne      0    0eng d</controlfield><controlfield tag="009">3781</controlfield><datafield ind1=" " ind2=" " tag="010"><subfield code="a">sn 83032198 </subfield></datafield><datafield ind1=" " ind2=" " tag="040"><subfield code="a">NPU</subfield><subfield code="b">eng</subfield><subfield code="c">NPU</subfield><subfield code="d">DLC</subfield><subfield code="d">NPX</subfield><subfield code="d">NPA</subfield></datafield><datafield ind1="1" ind2=" " tag="029"><subfield code="a">AU@</subfield><subfield code="b">000025835624</subfield></datafield><datafield ind1=" " ind2=" " tag="042"><subfield code="a">msc</subfield></datafield><datafield ind1="0" ind2="0" tag="245"><subfield code="a">Star of the Cape.</subfield></datafield><datafield ind1="1" ind2="0" tag="246"><subfield code="a">Star of the Cape and South Jersey advertiser</subfield></datafield><datafield ind1="0" ind2="0" tag="246"><subfield code="a">Star Cape</subfield></datafield><datafield ind1=" " ind2=" " tag="260"><subfield code="a">Cape May Court House, N.J. :</subfield><subfield code="b">H.C. Cheever,</subfield><subfield code="c">1868-</subfield></datafield><datafield ind1=" " ind2=" " tag="300"><subfield code="a">v.</subfield></datafield><datafield ind1=" " ind2=" " tag="310"><subfield code="a">Weekly</subfield></datafield><datafield ind1="0" ind2=" " tag="362"><subfield code="a">Vol. 1, no. 1 (Dec. 3, 1868)-</subfield></datafield><datafield ind1="1" ind2=" " tag="362"><subfield code="a">Ceased with Apr. 20, 1907 issue.</subfield></datafield><datafield ind1=" " ind2=" " tag="500"><subfield code="a">"Of the" appears in title ornament, &lt;1892&gt;.</subfield></datafield><datafield ind1=" " ind2=" " tag="500"><subfield code="a">Published at Cape May City, N.J., &lt;1870&gt;-1907.</subfield></datafield><datafield ind1=" " ind2=" " tag="500"><subfield code="a">Publishers: H.C. Cheever, 1868-&lt;1869&gt;; Cheever &amp; Cresse, &lt;1870&gt;; Seigman &amp; Cresse, &lt;1871&gt;; W.V.L. Seigman, &lt;1872&gt;-1883; Thomas Rezo Brooks, 1883-1889; Aaron W. Hand &amp; N. Perry Edmunds, 1889-1890; Aaron W. Hand &amp; Thomas Rezo Brooks, 1890-1894.</subfield></datafield><datafield ind1=" " ind2=" " tag="500"><subfield code="a">Editors: H.C. Cheever, 1868-&lt;1870&gt;; W.V.L. Seigman, &lt;1871-1877&gt;.</subfield></datafield><datafield ind1=" " ind2=" " tag="580"><subfield code="a">Daily summer ed.: Cape May daily star.</subfield></datafield><datafield ind1=" " ind2=" " tag="500"><subfield code="a">"Republican," &lt;1876&gt;.</subfield></datafield><datafield ind1=" " ind2=" " tag="752"><subfield code="a">United States</subfield><subfield code="b">New Jersey</subfield><subfield code="c">Cape May</subfield><subfield code="d">Cape May.</subfield></datafield><datafield ind1=" " ind2=" " tag="752"><subfield code="a">United States</subfield><subfield code="b">New Jersey</subfield><subfield code="c">Cape May</subfield><subfield code="d">Cape May Court House.</subfield></datafield><datafield ind1="1" ind2=" " tag="775"><subfield code="t">Cape May daily star</subfield><subfield code="w">(DLC)sn 84020436</subfield></datafield><datafield ind1="0" ind2="7" tag="785"><subfield code="t">Cape May news</subfield></datafield><datafield ind1="0" ind2="7" tag="785"><subfield code="t">Star and wave (Cape May, N.J. : 1907)</subfield></datafield></record>